<record><leader>00000cas a22000007a 4500</leader><controlfield tag="001">15733712</controlfield><controlfield tag="008">870526d18951971iauwr ne      0    0eng d</controlfield><datafield ind1=" " ind2=" " tag="010"><subfield code="a">sn 87057426 </subfield></datafield><datafield ind1=" " ind2=" " tag="040"><subfield code="a">INP</subfield><subfield code="b">eng</subfield><subfield code="c">INP</subfield><subfield code="d">OCLCQ</subfield></datafield><datafield ind1=" " ind2=" " tag="042"><subfield code="a">msc</subfield></datafield><datafield ind1="0" ind2="4" tag="245"><subfield code="a">The Tabor beacon.</subfield></datafield><datafield ind1=" " ind2=" " tag="260"><subfield code="a">Tabor, Iowa :</subfield><subfield code="b">McClintock &amp; Clark,</subfield><subfield code="c">1895-1971.</subfield></datafield><datafield ind1=" " ind2=" " tag="300"><subfield code="a">75 v.</subfield></datafield><datafield ind1=" " ind2=" " tag="310"><subfield code="a">Weekly</subfield></datafield><datafield ind1="0" ind2=" " tag="362"><subfield code="a">Vol. 15, no. 21 (Dec. 13, 1895)-v. 89, no. 20 (Apr. 28, 1971).</subfield></datafield><datafield ind1=" " ind2=" " tag="500"><subfield code="a">Publisher varies.</subfield></datafield><datafield ind1=" " ind2=" " tag="515"><subfield code="a">Vol. 15, no. 21 (Dec. 13, 1895)- called also whole no. 751-</subfield></datafield><datafield ind1=" " ind2=" " tag="752"><subfield code="a">United States</subfield><subfield code="b">Iowa</subfield><subfield code="c">Fremont</subfield><subfield code="d">Tabor.</subfield></datafield><datafield ind1="0" ind2="0" tag="780"><subfield code="t">Beacon (Tabor, Iowa)</subfield><subfield code="w">(DLC)sn 87057504</subfield></datafield><datafield ind1="0" ind2="7" tag="785"><subfield code="t">Randolph enterprise</subfield></datafield><datafield ind1="0" ind2="7" tag="785"><subfield code="t">Fremont-Mills beacon-enterprise (Tabor, Iowa : 1971)</subfield><subfield code="w">(DLC)sn 87057506</subfield></datafield></record>